@online {sklearn,
  year = 2019,
  url = {https://scikit-learn.org/stable/},
  urldate = {2019-07-02}
}

@online {setup_config,
  author = {maffei2443},
  url = {https://github.com/maffei2443/trabalho-final-mineracao-texto/blob/master/setup_config.txt},
  urldate = {2019-07-02}
}

@online {gramatica,
  author = {An√¥nimo},
  title = {C-syntax},
  subtitle = {BNF Grammar for C-Minus},
  url = {http://www.csci-snc.com/ExamplesX/C-Syntax.pdf},
  urldate = {2019-08-26}
}

@online {custom,
	author={CroCro},
	url = {https://tex.stackexchange.com/questions/348651/c-code-to-add-in-the-document},
	urldate = {2019-08-26}
}

@online {bnf,
	author={Alan Munn},
	url = {https://tex.stackexchange.com/questions/24886/which-package-can-be-used-to-write-bnf-grammars/39751},
	urldate = {2019-08-26},
	data = {2019-08-26}
}