@misc {sklearn,
  year = 2019,
  url = {https://scikit-learn.org/stable/},
  urldate = {2019-07-02},
  note={Accessed: 2019-08-26},
}

@misc {bison,
	year = 2019,
	author = {TheBisonTeam},
	url = {https://www.gnu.org/software/bison/manual/},
	note={Accessed: 2019-10-21},
}

@misc {flex,
	year = 2019,
	author={TheFlexTeam},
	url = {http://plan9.bell-labs.com/magic/man2html/1/lex},
	note={Accessed: 2019-10-21},
}


}

@misc {setup_config,
  author = {maffei2443},
  url = {https://github.com/maffei2443/trabalho-final-mineracao-texto/blob/master/setup_config.txt},
  urldate = {2019-07-02},
  note={Accessed: 2019-08-26},
}

@online {gramatica,
  author = {An√¥nimo},
  title = {C-syntax},
  subtitle = {BNF Grammar for C-Minus},
  url = {http://www.csci-snc.com/ExamplesX/C-Syntax.pdf},
  note={Accessed: 2019-08-26},
  urldate = {2019-08-26}
}

@online {custom,
	author={CroCro},
	url = {https://tex.stackexchange.com/questions/348651/c-code-to-add-in-the-document},
	urldate = {2019-08-26}
}

@online {bnf,
	author={Alan Munn},
	url = {https://tex.stackexchange.com/questions/24886/which-package-can-be-used-to-write-bnf-grammars/39751},
	urldate = {2019-08-26},
	data = {2019-08-26}
}