@misc {sklearn,
  year = 2019,
  url = {https://scikit-learn.org/stable/},
  urldate = {2019-07-02},
  note={Accessed: 2019-08-26},
}

@misc {bison,
	year = 2019,
	author = {TheBisonTeam},
	url = {https://www.gnu.org/software/bison/manual/},
	note={Acessado: 18-11-2019},
}

@misc {flex,
	year = 2019,
	author={The Flex Project},
	url = {https://westes.github.io/flex/manual/},
	note={Acessado: 18-11-2019},
}


}

@misc {setup_config,
  author = {maffei2443},
  url = {https://github.com/maffei2443/trabalho-final-mineracao-texto/blob/master/setup_config.txt},
  urldate = {2019-07-02},
  note={Acessado: 18-11-2019},
}

@online {uthash,
  author = {Troy D. Hanson},
  title = {uthash User Guide},
  subtitle = {uthash User Guide},
  url = {http://troydhanson.github.io/uthash/userguide.html},
  note={Acessado: 18-11-2019},
  urldate = {2019-11-16}
}

@online {custom,
	author={CroCro},
	url = {https://tex.stackexchange.com/questions/348651/c-code-to-add-in-the-document},
	urldate = {2019-08-26}
}

@online {bnf,
	author={Alan Munn},
	url = {https://tex.stackexchange.com/questions/24886/which-package-can-be-used-to-write-bnf-grammars/39751},
	urldate = {2019-08-26},
	data = {2019-08-26}
}